<record><leader>00000cas a22000007a 4500</leader><controlfield tag="001">12922315</controlfield><controlfield tag="008">851216d18851909wiuwr ne      0    0eng d</controlfield><datafield ind1=" " ind2=" " tag="010"><subfield code="a">sn 85041594 </subfield></datafield><datafield ind1=" " ind2=" " tag="040"><subfield code="a">NPV</subfield><subfield code="b">eng</subfield><subfield code="c">NPV</subfield><subfield code="d">OCLCQ</subfield></datafield><datafield ind1=" " ind2=" " tag="042"><subfield code="a">msc</subfield></datafield><datafield ind1="0" ind2="4" tag="245"><subfield code="a">The weekly northwestern.</subfield></datafield><datafield ind1="1" ind2="3" tag="246"><subfield code="a">Northwestern</subfield></datafield><datafield ind1=" " ind2=" " tag="260"><subfield code="a">Oshkosh, Wis. :</subfield><subfield code="b">[J. Hicks],</subfield><subfield code="c">1885-</subfield></datafield><datafield ind1=" " ind2=" " tag="300"><subfield code="a">v.</subfield></datafield><datafield ind1=" " ind2=" " tag="310"><subfield code="a">Weekly</subfield></datafield><datafield ind1="0" ind2=" " tag="362"><subfield code="a">Twenty fourth year, whole no. 1303 (May 14, 1885)-twenty fifth year, whole no. 1372 (Mar. 10, 1887); v. 26, no. 20 (Mar. 17, 1887)-v. 33, no. 14 (May 14, 1892) = whole no. 1373-whole no. 2216; fourty third year (May 21, 1892)-</subfield></datafield><datafield ind1="1" ind2=" " tag="362"><subfield code="a">Ceased in 1909.</subfield><subfield code="z">Cf. Oehlerts, d. E. Guide to Wis. newspapers.</subfield></datafield><datafield ind1=" " ind2=" " tag="500"><subfield code="a">Publisher varies.</subfield></datafield><datafield ind1=" " ind2=" " tag="500"><subfield code="a">Issued also in a daily edition.</subfield></datafield><datafield ind1=" " ind2=" " tag="752"><subfield code="a">United States</subfield><subfield code="b">Wisconsin</subfield><subfield code="c">Winnebago</subfield><subfield code="d">Oshkosh.</subfield></datafield><datafield ind1="0" ind2="0" tag="780"><subfield code="t">Oshkosh northwestern</subfield><subfield code="w">(DLC)sn 85041593</subfield></datafield></record>